
% Ch.1

@article{rogelj2016paris,
  title={Paris {A}greement climate proposals need a boost to keep warming well below 2 C},
  author={Rogelj, Joeri and Den Elzen, Michel and H{\"o}hne, Niklas and Fransen, Taryn and Fekete, Hanna and Winkler, Harald and Schaeffer, Roberto and Sha, Fu and Riahi, Keywan and Meinshausen, Malte},
  journal={Nature},
  volume={534},
  number={7609},
  pages={631--639},
  year={2016},
  publisher={Nature Publishing Group}
}

@misc{UKccc2008,
author={{legislation.gov.uk}},
title={{C}limate {C}hange {A}ct 2008},
year=2008,
publisher={The National Archives},
howpublished = {\url{https://www.legislation.gov.uk/ukpga/2008/27/contents}},
note = {[Online; accessed {25-Jan-2018}]},
}

@misc{beis2017ghg,
author={{Department for Business, Energy and Industrial Strategy}},
title={Final {UK} greenhouse gas emissions national statistics},
year=2015,
month={Feb.},
day=27,
howpublished = {\url{https://www.gov.uk/government/collections/final-uk-greenhouse-gas-emissions-national-statistics}},
note = {[Online; accessed {11-Aug-2017}]},
}

@misc{ccc2016targets2020,
author={{Energy and Climate Change Committee}},
title={2020 Renewable Heat and Transport Targets},
year=2016,
month={Sep.},
day=6,
publisher={House of Commons},
howpublished = {\url{https://publications.parliament.uk/pa/cm201617/cmselect/cmenergy/173/173.pdf}},
note = {[Online; accessed {10-Aug-2017}]},
}

@misc{ccc2016paris,
author={{Committee on Climate Change}},
title={{UK} climate action following the {P}aris {A}greement},
year=2016,
month={Oct.},
howpublished = {\url{https://www.theccc.org.uk/wp-content/uploads/2016/10/UK-climate-action-following-the-Paris-Agreement-Committee-on-Climate-Change-October-2016.pdf}},
note = {[Online; accessed {11-Aug-2017}]},
}

@article{carbajales2014storage,
  title={Can we afford storage? A dynamic net energy analysis of renewable electricity generation supported by energy storage},
  author={Carbajales-Dale, Michael and Barnhart, Charles J and Benson, Sally M},
  journal={Energy \& Environmental Science},
  volume={7},
  number={5},
  pages={1538--1544},
  year={2014},
  publisher={Royal Society of Chemistry}
}

@techreport{tol2017socialcost,
  title={The Private Benefit of Carbon and its Social Cost},
  author={Tol, Richard and others},
  year={2017}
}

@article{frolicher2014co2,
  title={Continued global warming after CO2 emissions stoppage},
  author={Fr{\"o}licher, Thomas Lukas and Winton, Michael and Sarmiento, Jorge Louis},
  journal={Nature Climate Change},
  volume={4},
  number={1},
  pages={40--44},
  year={2014},
  publisher={Nature Research}
}

@misc{sluisveld2016nweu,
  title={Low-carbon energy scenarios in north-west {E}uropean countries},
  author={{van Sluisveld}, M and Boot, P and Hammingh, P and Notenboom, J and {van Vuuren}, D},
  publisher={PBL Netherlands Environmental Assessment Agency},
  year={2016},
  month = {Jul.},
  day = 28,
  howpublished = {\url{http://www.pbl.nl/sites/default/files/cms/publicaties/pbl-2016-low-carbon-energy-scenarios-in-north-west-european-countries_2507.pdf}},
  note = {[Online; accessed {11-Aug-2017}]},
}

@misc{eu2011roadmap2050,
  title={Energy {R}oadmap 2050},
  author={{European Commission}},
  year={2011},
  howpublished = {\url{https://ec.europa.eu/energy/sites/ener/files/documents/sec_2011_1565_part2.pdf}},
  note = {[Online; accessed {21-Jul-2017}]},
}

@article{chai2014modeling,
  title={Modeling an emissions peak in China around 2030: synergies or trade-offs between economy, energy and climate security},
  author={Chai, Qi-Min and Xu, Hua-Qing},
  journal={Advances in Climate Change Research},
  volume={5},
  number={4},
  pages={169--180},
  year={2014},
  publisher={Elsevier}
}

@misc{ccc2008,
author={{Committee on Climate Change}},
title={Building a low-carbon economy – the UK’s contribution to tackling climate change},
year=2008,
month={Dec.},
day=1,
howpublished = {\url{https://www.theccc.org.uk/publication/building-a-low-carbon-economy-the-uks-contribution-to-tackling-climate-change-2/}},
note = {[Online; accessed {5-Aug-2017}]},
}

@misc{ofgem2017roc,
author={Ofgem},
title={About the {RO}},
year=2017,
howpublished = {\url{https://www.ofgem.gov.uk/environmental-programmes/ro/about-ro}},
note = {[Online; accessed {10-Aug-2017}]},
}

@misc{harari2009vehiclescrap,
author={Daniel Harari},
title={Vehicle scrappage scheme},
year=2009,
publisher={House of Commons Library},
howpublished = {\url{http://researchbriefings.parliament.uk/ResearchBriefing/Summary/SN05177}},
note = {[Online; accessed {10-Aug-2017}]},
}

@misc{ofgem2017fit,
author={Ofgem},
title={Feed-{I}n {T}ariff ({FIT}) {R}ates},
year=2017,
howpublished = {\url{https://www.ofgem.gov.uk/environmental-programmes/fit/fit-tariff-rates}},
note = {[Online; accessed {24-Jun-2017}]},
}

@misc{ofgem2017smartmeters,
author={Ofgem},
title={Transition to smart meters},
year=2017,
howpublished = {\url{https://www.ofgem.gov.uk/gas/retail-market/metering/transition-smart-meters}},
note = {[Online; accessed {12-Aug-2017}]},
}

@misc{greendeal2017,
author={{Green Deal}},
title={Welcome to the {G}reen {D}eal},
year=2017,
howpublished = {\url{http://www.greendeal.co.uk/}},
note = {[Online; accessed {12-Aug-2017}]},
}

@misc{mattholie2017cm,
author={R. Mattholie},
title={Energy support mechanisms - Flaws in the capacity market system},
year=2017,
month={Mar.},
day=6,
publisher={Institution of Civil Engineers},
howpublished = {\url{https://www.ice.org.uk/knowledge-and-resources/briefing-sheet/energy-support-mechanisms}},
note = {[Online; accessed {5-Aug-2017}]},
}

@misc{beis2017cfd,
author={{Department for Business, Energy and Industrial Strategy}},
title={Contracts for {D}ifference ({CFD}) Second Allocation Round Results},
year=2017,
month={Sep.},
day=11,
howpublished = {\url{https://www.gov.uk/government/publications/contracts-for-difference-cfd-second-allocation-round-results}},
note = {[Online; accessed {25-Jan-2018}]},
}

@misc{govuk2016coal,
author={{GOV.UK}},
title={Coal generation in {G}reat {B}ritain: The pathway to a low-carbon future},
year=2016,
month={Nov.},
day=9,
howpublished = {\url{https://www.gov.uk/government/consultations/coal-generation-in-great-britain-the-pathway-to-a-low-carbon-future}},
note = {[Online; accessed {11-Aug-2017}]},
}

@misc{ofgem2017triads,
author={Ofgem},
title={Minded to decision and draft {I}mpact {A}ssessment of industry’s proposals ({CMP}264 and {CMP}265) to change electricity transmission charging arrangements for {E}mbedded {G}enerators},
year=2017,
month={Mar.},
day=1,
howpublished = {\url{https://www.ofgem.gov.uk/system/files/docs/2017/03/minded_to_decision_and_draft_impact_assessment_of_industrys_proposals.pdf}},
note = {[Online; accessed {9-Aug-2017}]},
}

@misc{petroff2017ev,
author={A. Petroff},
title={{CNN} {M}oney: These countries want to ditch gas and diesel cars},
year=2017,
month={Jul.},
day=26,
howpublished = {\url{http://money.cnn.com/2017/07/26/autos/countries-that-are-banning-gas-cars-for-electric/index.html}},
note = {[Online; accessed {5-Aug-2017}]},
}

@article {lamers2013biomass,
author = {Lamers, Patrick and Junginger, Martin},
title = {The ‘debt’ is in the detail: A synthesis of recent temporal forest carbon analyses on woody biomass for energy},
journal = {Biofuels, Bioproducts and Biorefining},
volume = {7},
number = {4},
publisher = {John Wiley & Sons, Ltd},
issn = {1932-1031},
url = {http://dx.doi.org/10.1002/bbb.1407},
doi = {10.1002/bbb.1407},
pages = {373--385},
keywords = {temporal carbon, carbon debt, carbon neutrality, carbon payback, carbon parity, bioenergy, forest biomass},
year = {2013},
}





@article{luo2015overview,
  title={Overview of current development in electrical energy storage technologies and the application potential in power system operation},
  author={Luo, Xing and Wang, Jihong and Dooner, Mark and Clarke, Jonathan},
  journal={Applied Energy},
  volume={137},
  pages={511--536},
  year={2015},
  publisher={Elsevier}
}

@ARTICLE{AllenStocker2014,
author = "Myles R. Allen and 
             Thomas F. Stocker",
title = "Impact of delay in reducing carbon dioxide emissions",
journal = "Nature Climate Change",
year = 2014,
volume = 4
}

